@misc{sagepress,
  title = {Sage - Press - About},
  howpublished = "\url{http://www.sagemath.org/library-press.html}",
  note = "[Online; accessed 10-August-2014]"
}

@misc{cvxopthome,
  title = {Home — CVXOPT},
  howpublished = "\url{http://cvxopt.org}",
  note = "[Online; accessed 14-August-2014]"
}

@misc{cvxoptuser,
  title = {Cone Programming — CVXOPT User's Guide},
  howpublished = "\url{http://cvxopt.org/userguide/coneprog.html}",
  note = "[Online; accessed 14-August-2014]"
}

@misc{wikilinear,
  title = {Linear programming - {Wikipedia}, the free encyclopedia},
  howpublished = "\url{http://en.wikipedia.org/wiki/Linear_programming}",
  note = "[Online; accessed 11-August-2014]"
}

@misc{matlab,
  title = {{MATLAB - The Language of Technical Computing - MathWorks United Kingdom}},
  howpublished = "\url{http://www.mathworks.co.uk/products/matlab/}",
  note = "[Online; accessed 3-September-2014]"
}

@misc{yalmip,
  title = {{YALMIP Wiki Tutorials/Semidefinite Programming}},
  howpublished = "\url{http://users.isy.liu.se/johanl/yalmip/pmwiki.php?n=Tutorials.SemidefiniteProgramming}",
  note = "[Online; accessed 3-September-2014]"
}

@misc{cvx,
  title = {{Semidefinite programming mode — CVX Users' Guide}},
  howpublished = "\url{http://web.cvxr.com/cvx/doc/sdp.html}",
  note = "[Online; accessed 3-September-2014]"
}

@misc{wikisdp,
  title = {Semidefinite programming - Wikipedia, the free encyclopedia},
  howpublished = "\url{http://en.wikipedia.org/wiki/Semidefinite_programming}",
  note = "[Online; accessed 21-August-2014]"
}

@misc{top10,
  title = {Guest Editors' Introduction: The Top 10 Algorithms},
  howpublished = "\url{http://www.computer.org/csdl/mags/cs/2000/01/c1022.html}",
  note = "[Online; accessed 13-August-2014]"
}

@misc{interior,
  title = {Interior-point methods for large-scale cone programming},
  howpublished = "\url{http://www.seas.ucla.edu/~vandenbe/publications/mlbook.pdf}",
  note = "[Online; accessed 13-August-2014]"
}

@misc{dsdp,
  title = {DSDP: Software for Semidefinite Programming and Linear Matrix Inequalities},
  howpublished = "\url{http://www.mcs.anl.gov/hs/software/DSDP/}",
  note = "[Online; accessed 31-August-2014]"
}

@TechReport{dsdp5,
  author =       "Steven J. Benson and Yinyu Ye",
  title =        "{DSDP5}: Software For Semidefinite Programming",
  year =         "2005",
  month =        September,
  institution =  "Mathematics and Computer Science Division, Argonne National Laboratory",
  address =      "Argonne, IL",
  number =       "ANL/MCS-P1289-0905",
  note = "Submitted to ACM Transactions on Mathematical Software, available \url{http://www.mcs.anl.gov/hs/software/DSDP/DSDP5-P1289-0905.pdf}",
}

@misc{cython,
  title = {Cython: C-Extensions for {Python}},
  howpublished = "\url{http://http://cython.org/}",
  note = "[Online; accessed 16-August-2014]"
}


@misc{cvxoptuserpara,
  title = {Cone Programming — CVXOPT User's Guide},
  howpublished = "\url{http://cvxopt.org/userguide/coneprog.html#algorithm-parameters}",
  note = "[Online; accessed 18-August-2014]"
}

@misc{cvxoptsdp,
  title = {Semidefinite Programming — CVXOPT User's Guide},
  howpublished = "\url{http://cvxopt.org/userguide/coneprog.html#semidefinite-programming}",
  note = "[Online; accessed 22-August-2014]"
}

@misc{ticketlp,
  title = {\#16490 (Create a linear programming backend for cvxopt) – Sage},
  howpublished = "\url{http://trac.sagemath.org/ticket/16490}",
  note = "[Online; accessed 28-August-2014]"
}

@misc{ticketmatrix,
  title = {\#16714 (Add a matrix of constraints in a LP) – Sage},
  howpublished = "\url{http://trac.sagemath.org/ticket/16714}",
  note = "[Online; accessed 29-August-2014]"
}

@misc{ticketsdp,
  title = {\#16929 (Creating SDP interface) – Sage},
  howpublished = "\url{http://trac.sagemath.org/ticket/16929}",
  note = "[Online; accessed 04-September-2014]"
}



@misc{timeit,
  title = {The timeit command — Sage Reference Manual v6.3: Miscellaneous},
  howpublished = "\url{http://www.sagemath.org/doc/reference/misc/sage/misc/sage_timeit_class.html}",
  note = "[Online; accessed 30-August-2014]"
}

@inproceedings{simplexpoly,
  title={Smoothed analysis of algorithms: Why the simplex algorithm usually takes polynomial time},
  author={Spielman, Daniel and Teng, Shang-Hua},
  booktitle={Proceedings of the thirty-third annual ACM symposium on Theory of computing},
  pages={296--305},
  year={2001},
  organization={ACM}
}


@misc{introsdp,
  title = {Introduction to Semidefinite Programming (SDP)},
  author = {Mark Iwen},
  howpublished = "\url{http://www.math.msu.edu/~markiwen/Teaching/MTH995/Papers/SDP_notes_Marina_Epelman_UM.pdf}",
  note = "[Online; accessed 22-August-2014]"
}

@BOOK{yellowbook,
title={Approximation Algorithms and Semidefinite Programming},
author={Bernd Gärtner and Jiri Matousek},
publisher={Springer},
year={2012},
month={1},
edition={2012},
isbn={9783642220142},
totalpages={251},
timestamp={2014.08.10},
}

@BOOK{whitebook,
  title={Moments, Positive Polynomials and Their Applications (Imperial College Press Optimization Series)},
  author={Jean-Bernard Lasserre},
  publisher={Imperial College Press},
  year={2009},
  month={10},
  edition={1},
  isbn={9781848164451},
  totalpages={385},
  timestamp={2014.08.26},
}



